
@online{montanunion,
	title = {Anfänge der europäischen Integration},
	url = {https://www.hdg.de/lemo/kapitel/geteiltes-deutschland-gruenderjahre/weg-nach-westen/anfaenge-der-europaeischen-integration.html},
	urldate = {2016-04-13},
}
https://european-union.europa.eu/principles-countries-history/history-eu/1945-59/schuman-declaration-may-1950_de
@online{Schuman-Plan,
	title = {Schuman-Plan},
	url = {https://european-union.europa.eu/principles-countries-history/history-eu/1945-59/schuman-declaration-may-1950_de},
	urldate = {2025-03-02},
	date = {2025-03-02},
}

@online{euConventionOfHumanRights-Plan,
	title = {The European Convention of Human Rights},
	url = {https://www.coe.int/en/web/human-rights-convention#:~:text=A%20Convention%20to%20protect%20your%20rights%20and%20liberties&text=It%20was%20adopted%20in%201950,prerequisite%20for%20joining%20the%20Organisation},
	urldate = {2025-03-05},
	date = {2025-03-05},
}


@online{EWG,
	title = {Europäische Wirtschaftsgemeinschaft bpb},
	url = {https://www.bpb.de/kurz-knapp/lexika/das-europalexikon/176910/europaeische-wirtschaftsgemeinschaft-ewg/},
	urldate = {2025-03-05},
    date = {2020}
}

@online{Spaak-Bericht,
	title = {Spaak-Bericht},
	url = {https://www.cvce.eu/de/education/unit-content/-/unit/02bb76df-d066-4c08-a58a-d4686a3e68ff/22ee1520-b285-4dd4-b69d-a8d807fb4669},
	urldate = {2025-03-05},
	date = {2025},
}

@online{Helmut-Kohl-Zitat,
	title = {Bilanz einer gescheiterten Kommunikation. Fallstudien zur deutschen Entstehungsgeschichte des Euro und ihrer demokratietheoretischen Qualität},
	url = {http://cdn.jornaldenegocios.pt/files/2013-04/09-04-2013_16_39_06_tesekohl.pdf},
	urldate = {2025-03-20},
	date = {2014-04-09},
}

@online{Interstests-and-Integration,
	title = {Public opinion and the crisis: the dynamics of support for the euro},
	url = {https://books.google.de/books?hl=de&lr=&id=HjOeaGe6oVsC&oi=fnd&pg=PR7&dq=euro+currency+public+opinion&ots=4QEeRvSnBi&sig=rdm7vQFGQ4RSV7Nf75R2MDbNqDM&redir_esc=y#v=onepage&q=euro%20currency%20public%20opinion&f=false},
	urldate = {2025-03-20},
	date = {2009-12-10},
}

@online{eu-vertag,
	title = {Vertrag über die Europäische Union},
	url = {https://eur-lex.europa.eu/resource.html?uri=cellar:2bf140bf-a3f8-4ab2-b506-fd71826e6da6.0020.02/DOC_1&format=PDF},
	urldate = {2025-03-20},
	date = {2012-10-26},
}




